<?xml version="1.0" encoding="UTF-8"?><record xmlns="http://www.loc.gov/MARC21/slim" xmlns:cinclude="http://apache.org/cocoon/include/1.0" xmlns:zs="http://www.loc.gov/zing/srw/">
  <leader>00482cz  a2200145n  4500</leader>
  <controlfield tag="001">n 2009019797</controlfield>
  <controlfield tag="003">DLC</controlfield>
  <controlfield tag="005">20090401075204.0</controlfield>
  <controlfield tag="008">090331n| acannaabn          |a aaa      </controlfield>
  <datafield tag="010" ind1=" " ind2=" ">
    <subfield code="a">n 2009019797</subfield>
    <subfield code="z">no 98048627 </subfield>
  </datafield>
  <datafield tag="040" ind1=" " ind2=" ">
    <subfield code="a">DLC</subfield>
    <subfield code="b">eng</subfield>
    <subfield code="c">DLC</subfield>
  </datafield>
  <datafield tag="100" ind1="0" ind2=" ">
    <subfield code="a">Pinchers</subfield>
  </datafield>
  <datafield tag="400" ind1="1" ind2=" ">
    <subfield code="a">Thompson, Delroy</subfield>
  </datafield>
  <datafield tag="670" ind1=" " ind2=" ">
    <subfield code="a">LCCN 95-775952: Bandelero, p1991</subfield>
  </datafield>
  <datafield tag="670" ind1=" " ind2=" ">
    <subfield code="a">Wikipedia, WWW site, March 31, 2009</subfield>
    <subfield code="b">(Pinchers (born Delroy Thompson, 12 April 1965, Jamaica) is a Jamaican reggae and dancehall artist)</subfield>
  </datafield>
</record>